@online{Hagel2018,
	author = {Kimberly Hagel},
	title = {Positive and Negative Selection of T Cells},
	year = {2018},
	url = {https://immunobites.com/2018/08/20/positive-and-negative-selection-of-t-cells/},
	urldate = {2024-06-21}
}

@article{Ashby2024,
	title={A guide to thymic selection of T cells},
	author={Ashby, K Maude and Hogquist, Kristin A},
	journal={Nature Reviews Immunology},
	volume={24},
	number={2},
	pages={103--117},
	year={2024},
	publisher={Nature Publishing Group UK London}
}

@article{Kumar2018,
	title={Human T cell development, localization, and function throughout life},
	author={Kumar, Brahma V and Connors, Thomas J and Farber, Donna L},
	journal={Immunity},
	volume={48},
	number={2},
	pages={202--213},
	year={2018},
	publisher={Elsevier}
}

@incollection{Ganong1997,
	address = {Stamford, Conn},
	edition = {18. ed},
	title = {Circulating {Body} {Fluids}},
	isbn = {9780838584439},
	language = {eng},
	booktitle = {Review of medical physiology},
	publisher = {Appleton \& Lange},
	author = {Ganong, William F.},
	year = {1997},
	pages = {486--488},
}

@incollection{Ganong2012,
	address = {Stamford, Conn},
	edition = {24. edition},
	title = {Overview of Cellular Physiology in Medical Physiology},
	isbn = {9780071780032},
	language = {eng},
	booktitle = {Review of medical physiology},
	publisher = {McGraw-Hill},
	author = {Ganong, William F.},
	year = {2012},
	pages = {35--66},
}

@incollection{cooper2022,
	edition = {19. edition},
	booktitle = {The cell: a molecular approach},
	title={The Nucleus},
	author={Cooper, Geoffrey M and Adams, Kenneth},
	year={2022},
	publisher={Oxford University Press},
	language = {eng},	
	isbn = {9780197583722},	
	pages = {336--364}
}


@article{morgan2023,
	title={Modulation of antigen discrimination by duration of immune contacts in a kinetic proofreading model of T cell activation with extreme statistics},
	author={Morgan, Jonathan and Lindsay, Alan E},
	journal={PLOS Computational Biology},
	volume={19},
	number={8},
	pages={e1011216},
	year={2023},
	publisher={Public Library of Science San Francisco, CA USA}
}

@article{smith2009,
	title={T cell activation},
	author={Smith-Garvin, Jennifer E and Koretzky, Gary A and Jordan, Martha S},
	journal={Annual review of immunology},
	volume={27},
	pages={591--619},
	year={2009},
	publisher={Annual Reviews}
}

@article{joseph2014,
	title={The calcium feedback loop and T cell activation: how cytoskeleton networks control intracellular calcium flux},
	author={Joseph, Noah and Reicher, Barak and Barda-Saad, Mira},
	journal={Biochimica et Biophysica Acta (BBA)-Biomembranes},
	volume={1838},
	number={2},
	pages={557--568},
	year={2014},
	publisher={Elsevier}
}

@article{Lewis2001,
	author = {Lewis, Richard S},
	title = {Calcium Signaling Mechanisms in T Lymphocytes}, 
	journal= {Annual Review of Immunology},
	year = {2001},
	volume = {19},
	number = {Volume 19, 2001},
	pages = {497-521},
	doi = {https://doi.org/10.1146/annurev.immunol.19.1.497},
	url = {https://www.annualreviews.org/content/journals/10.1146/annurev.immunol.19.1.497},
	publisher = {Annual Reviews},
	issn = {1545-3278},
	type = {Journal Article}
}

@online{Rogers2024,
	author = {Rogers, Kara},
	title = {endoplasmic reticulum},
	year = {2024},
	url = {https://www.britannica.com/science/endoplasmic-reticulum},
	urldate = {2024-06-23}
}

@article{Stathopulos2013,
	author = {Peter B Stathopulos and Mitsuhiko Ikura},
	title = {Structural aspects of calcium-release activated calcium channel function},
	journal = {Channels},
	volume = {7},
	number = {5},
	pages = {344--353},
	year = {2013},
	publisher = {Taylor \& Francis},
	doi = {10.4161/chan.26734},
	note ={PMID: 24213636},
	URL = {https://doi.org/10.4161/chan.26734},
	eprint = {https://doi.org/10.4161/chan.26734}
}

@article{Schwarz2016,
	author = {Schwarz, Dianne S. and Blower, Michael D.},
	title = {The endoplasmic reticulum: structure, function and response to cellular signaling}, 
	journal= {Cellular and Molecular Life Sciences},
	year = {2016},
	volume = {73},
	pages = {79--94},
	doi = {https://doi.org/10.1007/s00018-015-2052-6},
	url = {https://www.ncbi.nlm.nih.gov/pmc/articles/PMC4700099/},
	publisher = {Springer},
	type = {Journal Article}
}
